<record><leader>00000cas a22000007a 4500</leader><controlfield tag="001">10266246</controlfield><controlfield tag="008">840105d18741901nvuwr ne      0    0eng d</controlfield><datafield ind1=" " ind2=" " tag="010"><subfield code="a">sn 84022039 </subfield></datafield><datafield ind1=" " ind2=" " tag="040"><subfield code="a">NPX</subfield><subfield code="b">eng</subfield><subfield code="c">NPX</subfield><subfield code="d">NNX</subfield><subfield code="d">CNK</subfield><subfield code="d">OCLCQ</subfield><subfield code="d">CGAVW</subfield><subfield code="d">OCLCO</subfield></datafield><datafield ind1=" " ind2=" " tag="042"><subfield code="a">msc</subfield></datafield><datafield ind1=" " ind2=" " tag="043"><subfield code="a">n-us-nv</subfield></datafield><datafield ind1=" " ind2="4" tag="050"><subfield code="a">AN2.N3</subfield><subfield code="b">B44</subfield></datafield><datafield ind1="0" ind2=" " tag="130"><subfield code="a">Belmont courier (Belmont, Nev.)</subfield></datafield><datafield ind1="1" ind2="0" tag="245"><subfield code="a">Belmont courier.</subfield></datafield><datafield ind1=" " ind2=" " tag="260"><subfield code="a">Belmont, Nev. :</subfield><subfield code="b">J. Booth &amp; Co.,</subfield><subfield code="c">1874-1901.</subfield></datafield><datafield ind1=" " ind2=" " tag="300"><subfield code="a">28 v. :</subfield><subfield code="b">ill. (chiefly advertisements) ;</subfield><subfield code="c">54 cm.</subfield></datafield><datafield ind1=" " ind2=" " tag="310"><subfield code="a">Weekly</subfield></datafield><datafield ind1="0" ind2=" " tag="362"><subfield code="a">Vol. 1, no. 1 (Feb. 11, 1874)-v. 28, no. 6 (Mar. 2, 1901).</subfield></datafield><datafield ind1=" " ind2=" " tag="500"><subfield code="a">Publishers: Dec. 23, 1876-Nov. 27, 1880, A. Maute; Dec. 4, 1880-Mar. 30, 1889, Maute &amp; Donald; Apr. 6, 1889-Dec. 17, 1898, A. Maute; Dec. 24, 1898-Mar. 2, 1901, F.G. Humphrey.</subfield></datafield><datafield ind1=" " ind2="0" tag="651"><subfield code="a">Belmont (Nev.)</subfield><subfield code="v">Periodicals.</subfield></datafield><datafield ind1=" " ind2="0" tag="651"><subfield code="a">Belmont (Nev.)</subfield><subfield code="x">History</subfield><subfield code="v">Sources.</subfield></datafield><datafield ind1="2" ind2="0" tag="610"><subfield code="a">Knotts Berry Farm (Buena Park : Amusement park)</subfield></datafield><datafield ind1=" " ind2=" " tag="752"><subfield code="a">United States</subfield><subfield code="b">Nevada</subfield><subfield code="c">Nye</subfield><subfield code="d">Belmont.</subfield></datafield></record>